@book{arulselvam2014,
  title = "My journey with physics",
  author = "Arulselvam, N.",
  year = "Accessed August 2016"
}

@misc{chip_homepage,
  title = "Computerized Homework in Physics",
  author = "Nakanishi, H. and Saxena, V.K.",
  year = "[Online; updated August-2016]"
}

@book{creswell2003,
  title = "Research Design: Qualitative, Quantitative, and Mixed Methods Approaches",
  author = "Creswell, J.W.",
  year = "2003"
}

@book{hennink2014,
  author = "Hennink, M.",
  title = "Focus Group Discussions: Understanding Qualitative Research",
  year = "2014"
}

@book{maloney1994,
  author = "Maloney, D.P.",
  title = "Handbook of research on science teaching and learning",
  year = "1994"
}

@book{patton2015,
  author = "Patton, M.",
  title = "Qualitative Research and Evaluation Methods: Integrating Theory and Practice",
  year = "2015"
}

@book{polya1985,
  author = "Polya, G.",
  title = "How to Solve It: A New Aspect of Mathematical Method",
  year = "1985"
}

@article{redish2006,
  title={Reverse-engineering the solution of a simple physics problem: Why learning physics is harder than it looks},
  author={Redish, E. and Scherr, R. and Tuminaro, J.},
  journal={The Physics Teacher},
  year={2006}
}

@book{saldana2012,
  title = "The Coding Manual for Qualitative Researchers",
  author = "Saldana, J.",
  year = "2012"
}

@book{tipler2003,
  author = "Tipler, P.A. and Mosca, G.",
  title = "Physics for Scientists and Engineers: Standard Version",
  year = "2003"
}

@book{wikiUCM,
  title = "Image Courtesy of Wikipedia",
  author = "Wikimedia Commons",
  year = "Accessed August 2016"
}

@article{walsh2007,
  Author = "Walsh, L. and Howard, R. and Bowe, B.",
  Title = {Phenomenographic study of studentsâ€™ problem solving approaches in physics},
  Journal = {Phys. Rev. ST Phys. Educ. Res.},
  Volume = {3},
  Number = {2},
  Year = {2007}
}